@article{Hawking1975,
  author        = {Hawking, S. W.},
  title         = {Particle Creation by Black Holes},
  journal       = {Communications in Mathematical Physics},
  year          = {1975},
  volume        = {43},
  number        = {3},
  pages         = {199--220},
  doi           = {10.1007/BF02345020}
}

@article{Bekenstein1973,
  author        = {Bekenstein, Jacob D.},
  title         = {Black Holes and Entropy},
  journal       = {Physical Review D},
  year          = {1973},
  volume        = {7},
  number        = {8},
  pages         = {2333--2346},
  doi           = {10.1103/PhysRevD.7.2333}
}

@article{Page1993,
  author        = {Page, Don N.},
  title         = {Information in Black Hole Radiation},
  journal       = {Physical Review Letters},
  year          = {1993},
  volume        = {71},
  number        = {23},
  pages         = {3743--3746},
  doi           = {10.1103/PhysRevLett.71.3743},
  eprint        = {hep-th/9306083},
  archivePrefix = {arXiv},
  primaryClass  = {hep-th}
}

@article{Bousso1999,
  author        = {Bousso, Raphael},
  title         = {A Covariant Entropy Conjecture},
  journal       = {Journal of High Energy Physics},
  year          = {1999},
  volume        = {1999},
  number        = {07},
  pages         = {004},
  doi           = {10.1088/1126-6708/1999/07/004},
  eprint        = {hep-th/9905177},
  archivePrefix = {arXiv},
  primaryClass  = {hep-th}
}

@article{Copeland2006DarkEnergy,
  author        = {Copeland, Edmund J. and Sami, M. and Tsujikawa, Shinji},
  title         = {Dynamics of Dark Energy},
  journal       = {International Journal of Modern Physics D},
  year          = {2006},
  volume        = {15},
  number        = {11},
  pages         = {1753--1936},
  doi           = {10.1142/S021827180600942X},
  eprint        = {hep-th/0603057},
  archivePrefix = {arXiv},
  primaryClass  = {hep-th}
}

@incollection{tHooft1993,
  author        = {{'t Hooft}, Gerard},
  title         = {Dimensional Reduction in Quantum Gravity},
  booktitle     = {Salamfestschrift: A Collection of Talks},
  editor        = {Ali, A. and Ellis, J. and Randjbar-Daemi, S.},
  publisher     = {World Scientific},
  year          = {1993},
  pages         = {284--296},
  eprint        = {gr-qc/9310026},
  archivePrefix = {arXiv},
  primaryClass  = {gr-qc}
}

@article{Susskind1995,
  author        = {Susskind, Leonard},
  title         = {The World as a Hologram},
  journal       = {Journal of Mathematical Physics},
  year          = {1995},
  volume        = {36},
  number        = {11},
  pages         = {6377--6396},
  doi           = {10.1063/1.531249},
  eprint        = {hep-th/9409089},
  archivePrefix = {arXiv},
  primaryClass  = {hep-th}
}

@article{GibbonsHawking1977,
  author        = {Gibbons, G. W. and Hawking, S. W.},
  title         = {Cosmological Event Horizons, Thermodynamics, and Particle Creation},
  journal       = {Physical Review D},
  year          = {1977},
  volume        = {15},
  number        = {10},
  pages         = {2738--2751},
  doi           = {10.1103/PhysRevD.15.2738}
}

@article{Page1976,
  author        = {Page, Don N.},
  title         = {Particle Emission Rates from a Black Hole: Massless Particles from an Uncharged, Nonrotating Hole},
  journal       = {Physical Review D},
  year          = {1976},
  volume        = {13},
  number        = {2},
  pages         = {198--206},
  doi           = {10.1103/PhysRevD.13.198}
}

@article{Ambjorn2005,
  author        = {Ambj{\o}rn, Jan and Jurkiewicz, Jerzy and Loll, Renate},
  title         = {Spectral Dimension of the Universe},
  journal       = {Physical Review Letters},
  year          = {2005},
  volume        = {95},
  number        = {17},
  pages         = {171301},
  doi           = {10.1103/PhysRevLett.95.171301},
  eprint        = {hep-th/0505113},
  archivePrefix = {arXiv},
  primaryClass  = {hep-th}
}

@article{Ambjorn2012,
  author       = {J. Ambj{\o}rn and S. Jordan and J. Jurkiewicz and R. Loll},
  title        = {A Second Look at 2D Quantum Gravity},
  journal      = {Phys. Rev. D},
  year         = {2012},
  volume       = {85},
  pages        = {124044},
  doi          = {10.1103/PhysRevD.85.124044},
  eprint       = {1205.1229}
}

@article{Lauscher2005,
  author       = {O. Lauscher and M. Reuter},
  title        = {Fractal Spacetime Structure in Asymptotically Safe Gravity},
  journal      = {J. High Energy Phys.},
  year         = {2005},
  volume       = {10},
  pages        = {050},
  doi          = {10.1088/1126-6708/2005/10/050},
  eprint       = {hep-th/0508202}
}

@article{Loll2019,
  author        = {Loll, Renate},
  title         = {Quantum Gravity from Causal Dynamical Triangulations: A Review},
  journal       = {Classical and Quantum Gravity},
  year          = {2019},
  volume        = {37},
  number        = {1},
  pages         = {013002},
  doi           = {10.1088/1361-6382/ab57c7},
  eprint        = {1905.08669},
  archivePrefix = {arXiv},
  primaryClass  = {gr-qc}
}

@article{Reuter2012,
  author        = {Reuter, Martin and Saueressig, Frank},
  title         = {Quantum Einstein Gravity},
  journal       = {New Journal of Physics},
  year          = {2012},
  volume        = {14},
  pages         = {055022},
  doi           = {10.1088/1367-2630/14/5/055022},
  eprint        = {1202.2274},
  archivePrefix = {arXiv},
  primaryClass  = {hep-th}
}

@article{HarlowHayden2013,
  author        = {Harlow, Daniel and Hayden, Patrick},
  title         = {Quantum Computation vs.\ Firewalls},
  journal       = {Journal of High Energy Physics},
  year          = {2013},
  volume        = {2013},
  number        = {6},
  pages         = {085},
  doi           = {10.1007/JHEP06(2013)085},
  eprint        = {1301.4504},
  archivePrefix = {arXiv},
  primaryClass  = {hep-th}
}

@article{Abedi2017,
  author        = {Abedi, Jahed and Dykaar, Hannah and Afshordi, Niayesh},
  title         = {Echoes from the Abyss: Tentative Evidence for Planck-Scale Structure at Black Hole Horizons},
  journal       = {Physics Letters B},
  year          = {2017},
  volume        = {767},
  pages         = {146--150},
  doi           = {10.1016/j.physletb.2017.01.054},
  eprint        = {1612.00266},
  archivePrefix = {arXiv},
  primaryClass  = {gr-qc}
}

@article{Page1999,
  author        = {Page, Don N.},
  title         = {Hawking Radiation and Black Hole Thermodynamics},
  journal       = {New Journal of Physics},
  year          = {2005},
  volume        = {7},
  pages         = {203},
  doi           = {10.1088/1367-2630/7/1/203},
  eprint        = {hep-th/0409024},
  archivePrefix = {arXiv},
  primaryClass  = {hep-th}
}

@article{Planck2020,
  author        = {Planck Collaboration},
  title         = {Planck 2018 Results. VI. Cosmological Parameters},
  journal       = {Astronomy \& Astrophysics},
  year          = {2020},
  volume        = {641},
  pages         = {A6},
  doi           = {10.1051/0004-6361/201833910},
  eprint        = {1807.06209},
  archivePrefix = {arXiv},
  primaryClass  = {astro-ph.CO}
}

@article{LiteBIRD2018,
  author        = {LiteBIRD Collaboration},
  title         = {LiteBIRD: A Satellite for the Studies of B-Mode Polarization and Inflation from Cosmic Background Radiation Detection},
  journal       = {Journal of Low Temperature Physics},
  year          = {2019},
  volume        = {194},
  number        = {5-6},
  pages         = {443--452},
  doi           = {10.1007/s10909-019-02150-5},
  eprint        = {1808.02805},
  archivePrefix = {arXiv},
  primaryClass  = {astro-ph.IM}
}

@misc{CMBS4ScienceBook2016,
  author        = {{CMB-S4 Collaboration}},
  title         = {CMB-S4 Science Book, First Edition},
  year          = {2016},
  eprint        = {1610.02743},
  archivePrefix = {arXiv},
  primaryClass  = {astro-ph.CO},
  note          = {arXiv preprint}
}

@article{Israel1966,
  author        = {Israel, Werner},
  title         = {Singular Hypersurfaces and Thin Shells in General Relativity},
  journal       = {Il Nuovo Cimento B Series 10},
  year          = {1966},
  volume        = {44},
  number        = {1},
  pages         = {1--14},
  doi           = {10.1007/BF02710419}
}

@article{Rovelli2008LoopQuantumGravity,
  author        = {Rovelli, Carlo},
  title         = {Loop Quantum Gravity},
  journal       = {Living Reviews in Relativity},
  year          = {2008},
  volume        = {11},
  pages         = {5},
  doi           = {10.12942/lrr-2008-5},
  eprint        = {0806.2761},
  archivePrefix = {arXiv},
  primaryClass  = {gr-qc}
}

@incollection{Sorkin1991SpacetimeAsCausalSet,
  author        = {Sorkin, Rafael D.},
  title         = {Spacetime as a Causal Set},
  booktitle     = {General Relativity and Gravitation 1990: Proceedings of the 13th International Conference on General Relativity and Gravitation},
  editor        = {Coley, A. and Cooperstock, F. and Tupper, B.},
  publisher     = {World Scientific},
  address       = {Singapore},
  year          = {1991},
  pages         = {199--201},
  eprint        = {gr-qc/9308020},
  archivePrefix = {arXiv},
  primaryClass  = {gr-qc}
}

@incollection{Dowker2006CausalSetsAndTheDeepStructureOfSpacetime,
  author        = {Dowker, Fay},
  title         = {Causal Sets and the Deep Structure of Spacetime},
  booktitle     = {100 Years of Relativity -- Space--Time Structure: Einstein and Beyond},
  editor        = {Ashtekar, Abhay},
  publisher     = {World Scientific},
  year          = {2005},
  pages         = {445--464},
  eprint        = {gr-qc/0508109},
  archivePrefix = {arXiv},
  primaryClass  = {gr-qc}
}

@article{Almheiri2015BulkLocalityEntanglement,
  author        = {Almheiri, Ahmed and Dong, Xi and Harlow, Daniel},
  title         = {Bulk Locality and Quantum Error Correction in AdS/CFT},
  journal       = {Journal of High Energy Physics},
  year          = {2015},
  volume        = {2015},
  number        = {4},
  pages         = {163},
  doi           = {10.1007/JHEP04(2015)163},
  eprint        = {1411.7041},
  archivePrefix = {arXiv},
  primaryClass  = {hep-th}
}

@article{StromingerVafa1996,
  author        = {Strominger, Andrew and Vafa, Cumrun},
  title         = {Microscopic Origin of the Bekenstein-Hawking Entropy},
  journal       = {Physics Letters B},
  year          = {1996},
  volume        = {379},
  pages         = {99--104},
  doi           = {10.1016/0370-2693(96)00345-0},
  eprint        = {hep-th/9601029},
  archivePrefix = {arXiv},
  primaryClass  = {hep-th}
}

@article{Riess1998,
  author        = {Riess, Adam G. and others},
  title         = {Observational Evidence from Supernovae for an Accelerating Universe and a Cosmological Constant},
  journal       = {The Astronomical Journal},
  year          = {1998},
  volume        = {116},
  number        = {3},
  pages         = {1009--1038},
  doi           = {10.1086/300499},
  eprint        = {astro-ph/9805201},
  archivePrefix = {arXiv},
  primaryClass  = {astro-ph}
}

@article{Perlmutter1999,
  author        = {Perlmutter, Saul and others},
  title         = {Measurements of Omega and Lambda from 42 High-Redshift Supernovae},
  journal       = {The Astrophysical Journal},
  year          = {1999},
  volume        = {517},
  number        = {2},
  pages         = {565--586},
  doi           = {10.1086/307221},
  eprint        = {astro-ph/9812133},
  archivePrefix = {arXiv},
  primaryClass  = {astro-ph}
}

@article{Carroll2001CosmologicalConstant,
  author        = {Carroll, Sean M.},
  title         = {The Cosmological Constant},
  journal       = {Living Reviews in Relativity},
  year          = {2001},
  volume        = {4},
  pages         = {1},
  doi           = {10.12942/lrr-2001-1},
  eprint        = {astro-ph/0004075},
  archivePrefix = {arXiv},
  primaryClass  = {astro-ph}
}

@article{Bravyi1998,
  author        = {Bravyi, Sergey and Kitaev, Alexei},
  title         = {Quantum Codes on a Lattice with Boundary},
  journal       = {arXiv preprint},
  year          = {1998},
  eprint        = {quant-ph/9811052},
  archivePrefix = {arXiv},
  primaryClass  = {quant-ph},
  note          = {Unpublished manuscript; early lattice-code construction}
}

@article{Fowler2012,
  author        = {Fowler, Austin G. and Mariantoni, Matteo and Martinis, John M. and Cleland, Andrew N.},
  title         = {Surface Codes: Toward Practical Large-Scale Quantum Computation},
  journal       = {Physical Review A},
  year          = {2012},
  volume        = {86},
  pages         = {032324},
  doi           = {10.1103/PhysRevA.86.032324},
  eprint        = {1208.0928},
  archivePrefix = {arXiv},
  primaryClass  = {quant-ph}
}

@article{Breuckmann2021,
  author        = {Breuckmann, Nikolas P. and Eberhardt, Jens Niklas},
  title         = {Balanced Product Quantum Codes},
  journal       = {Communications in Mathematical Physics},
  year          = {2021},
  volume        = {381},
  number        = {3},
  pages         = {1497--1579},
  doi           = {10.1007/s00220-021-04078-5},
  eprint        = {2103.06309},
  archivePrefix = {arXiv},
  primaryClass  = {quant-ph}
}

@article{Ambjorn2008,
  author        = {Ambj\o{}rn, Jan and G\"orlich, Andrzej and Jurkiewicz, Jerzy and Loll, Renate},
  title         = {Planckian Birth of the Quantum de Sitter Universe},
  journal       = {Physical Review Letters},
  year          = {2008},
  volume        = {100},
  pages         = {091304},
  doi           = {10.1103/PhysRevLett.100.091304},
  eprint        = {0712.2485},
  archivePrefix = {arXiv},
  primaryClass  = {hep-th}
}

@book{Stephani2003,
  author    = {H. Stephani and D. Kramer and M. MacCallum and C. Hoenselaers and E. Herlt},
  title     = {Exact Solutions of Einstein's Field Equations},
  edition   = {2nd},
  publisher = {Cambridge University Press},
  address   = {Cambridge},
  year      = {2003},
  isbn      = {978-0521461364}
}